% Encoding: UTF-8

@Misc{api,
  author = {{YGOPRODeck}},
  month  = nov,
  note   = {{https://db.ygoprodeck.com/api-guide/}},
  title  = {{Yu-Gi-Oh! API Guide - YGOPRODECK}},
  year   = {2020},
}

@Misc{dl,
  author    = {Lowhur, Anthony},
  month     = {Dec},
  title     = {I made an AI to recognize over 10,000 Yugioh cards},
  year      = {2020},
  journal   = {Medium},
  publisher = {Towards Data Science},
  url       = {https://towardsdatascience.com/i-made-an-ai-to-recognize-over-10-000-yugioh-cards-26fc6aed1588},
}

@Misc{kon,
  month   = {Jul},
  title   = {YU-GI-OH! NEURON AVAILABLE WORLDWIDE FROM TODAY FOR iOS AND ANDROID},
  year    = {2020},
  journal = {KONAMI DIGITAL ENTERTAINMENT B.V.},
  url     = {https://www.konami.com/games/eu/en/topics/15555/},
}

@Misc{ai,
  author = {{chronoreaper}},
  note   = {{https://github.com/chronoreaper/YugiohAi}},
  title  = {{YugiohAi}},
  year   = {2020},
}

@Comment{jabref-meta: databaseType:bibtex;}
